
@Book{harri2000,
	author = {
		Harri Lorenzi and
		Francisco José de Abreu Matos
	},
	title = {
		Plantas Medicinais no Brasil - Nativas e Exóticas
	},
	year = {
		2000
	}}

@misc{fao2013,
title = {Food and Agriculture Organization of the United Nations},
url = {http://www.fao.org/AG/AGP/AGPC/doc/GBASE/DATA/PF000206.HTM},
year = {2013}}

@article{pattnaik95,
  title={Antibacterial and antifungal activity of ten essential oils in vitro.},
  author={S Pattnaik and
  		  VR Subramanyam and
  		  C Kole},
  journal={Microbios},
  volume={86},
  number={349},
  pages={237--246},
  year={1995}}

@TechReport{sossae2013,
author = {MSc Flávia Cristina Sossae},
title = {Plantas Medicinais},
institution = {Universidade de São Paulo - USP},
year = {2000},
url = {http://educar.sc.usp.br/biologia/prociencias/medicinais.html}}

@article {kim1995,
author = {J M Kim and MR. Marshall and J.A. Cornell and J.F. Preston III and C.I. Wey},
title = {Antibacterial Activity of Carvacrol, Citral, and Geraniol against Salmonella typhimurium in Culture Medium and on Fish Cubes},
journal = {Journal of Food Science},
volume = {60},
number = {6},
publisher = {Blackwell Publishing Ltd},
issn = {1750-3841},
url = {http://dx.doi.org/10.1111/j.1365-2621.1995.tb04592.x},
doi = {10.1111/j.1365-2621.1995.tb04592.x},
pages = {1364--1368},
keywords = {fish, salmonella, carvacrol, citral, geraniol},
year = {1995}}

@article {kim2005,
author = {KIM, Jeong-Kyu and KANG, Chang-Soo and LEE, Jong-Kwon and KIM, Young-Ran and HAN, Hye-Yun and YUN, Hwa Kyung},
title = {Evaluation of Repellency Effect of Two Natural Aroma Mosquito Repellent Compounds, Citronella and Citronellal},
journal = {Entomological Research},
volume = {35},
number = {2},
publisher = {Blackwell Publishing Ltd},
pages = {117--120},
year = {2005}}

@article{barnard2004,
  title={Laboratory evaluation of mosquito repellents against Aedes albopictus, Culex nigripalpus, and Ochlerotatus triseriatus (Diptera: Culicidae)},
  author={Barnard, Donald R and Xue, Rui-De},
  journal={Journal of medical entomology},
  volume={41},
  number={4},
  pages={726--730},
  year={2004},
  publisher={BioOne}}

@article{nakahara2003,
  title={Chemical composition and antifungal activity of essential oil from Cymbopogon nardus (citronella grass)},
  author={Nakahara, Kazuhiko and Alzoreky, Najeeb S and Yoshihashi, Tadashi and Nguyen, Huong TT and Trakoontivakorn, Gassinee},
  journal={Japan Agricultural Research Quarterly},
  volume={37},
  number={4},
  pages={249--252},
  year={2003},
  publisher={TROPICAL AGRICULTURAL RESEARCH CENTRE, MINISTRY OF}}
  
  
@article{clair2008,
  title={{\'O}leo de citronela no controle do carrapato de bovinos.},
  author={Clair Jorge Olivo, Nelcy Madruga de and Carvalho, Jos{\'e} Henrique Souza da Silva and Fernanda Flores Vogel, P{\'e}ricles Massariol and Meinerz, Carlos Agnolin},
  journal={Cienc. Rural},
  volume={38},
  number={2},
  year={2008}
}
@article{marco2007,
  title={Características do óleo essencial de capim-citronela em função de espaçamento, altura e época de corte},
  author={Marco, Cláudia A and Innecco, Renato and Mattos, Sérgio H and Borges, Neiliane SS and Nagao, Eduardo O},
  journal={Horticultura Brasileira},
  volume={25},
  number={03},
  pages={429--32},
  year={2007},
  publisher={SciELO Brasil}}

@article{grisi2002,
title={Impacto econômico das principais ectoparasitoses em bovinos no Brasil},
author={Grisi, L. and Massard, C.L. and Moya Borja, G.E. and Pereira, J.B.},
journal={A Hora Veterinária},
year={2002},
pages={9-10},
volume={21},
number={125}}


@article{chagas2003,
author={CHAGAS, A.C.S. et al.},
title={Sensibilidade do carrapato Boophilus microplus a solventes},
journal={Ciência Rural},
volume={33},
number={1},
pages={109-114},
year={2003}}


